00597cas a22002291a 4500
001 999309413502836
003 Nz
005 20160321142717.0
008 040109d19321947nz  r ne      0   0 eng d
035    $a (NLNZils)930941
035    $a (Nz)8176787
035    $a (NLNZils)930941-ilsdb
035    $a (OCoLC)173422352
040    $a WN $c WN
042    $a nznb
043    $a u-nz---
245 00 $a Northland tribune.
260    $a [Whangarei, N.Z. : $b s.n., $c 1932-1947]
310    $a Weekly
362 0  $a 1932 Apr.7-1947 Apr.3
651  0 $a Northland (N.Z.) $v Newspapers.
655  7 $a New Zealand newspapers. $2 local $5 Nz
